
  <record>
    <leader>01283cam a22003251  4500</leader>
    <controlfield tag="001">43</controlfield>
    <controlfield tag="005">20141021232311.0</controlfield>
    <controlfield tag="008">860116s1959    dcua         f000 0 eng d</controlfield>
    <datafield tag="035" ind1=" " ind2=" ">
      <subfield code="a">(CStRLIN)NYCX86B6704</subfield>
    </datafield>
    <datafield tag="035" ind1=" " ind2=" ">
      <subfield code="a">(NIC)notisAAA0041</subfield>
    </datafield>
    <datafield tag="035" ind1=" " ind2=" ">
      <subfield code="a">(OCoLC)6011258</subfield>
    </datafield>
    <datafield tag="035" ind1=" " ind2=" ">
      <subfield code="a">43</subfield>
    </datafield>
    <datafield tag="040" ind1=" " ind2=" ">
      <subfield code="a">NIC</subfield>
      <subfield code="c">NIC</subfield>
      <subfield code="d">NIC</subfield>
    </datafield>
    <datafield tag="100" ind1="1" ind2=" ">
      <subfield code="a">Bokelman, W. Robert.</subfield>
    </datafield>
    <datafield tag="245" ind1="1" ind2="0">
      <subfield code="a">College and university endowment investments;</subfield>
      <subfield code="b">a survey as of June 30, 1958,</subfield>
      <subfield code="c">by W. Robert Bokelman, J. Harvey Cain, and Ernest V. Hollis.</subfield>
    </datafield>
    <datafield tag="260" ind1=" " ind2=" ">
      <subfield code="a">[Washington]</subfield>
      <subfield code="b">U.S. Dept. of Health, Education, and Welfare, Office of Education</subfield>
      <subfield code="c">[1959]</subfield>
    </datafield>
    <datafield tag="300" ind1=" " ind2=" ">
      <subfield code="a">vi, 48 p.</subfield>
      <subfield code="b">diagrs., tables.</subfield>
      <subfield code="c">26 cm.</subfield>
    </datafield>
    <datafield tag="490" ind1="1" ind2=" ">
      <subfield code="a">United States. Office of Education. Circular</subfield>
      <subfield code="v">no. 579</subfield>
    </datafield>
    <datafield tag="650" ind1=" " ind2="0">
      <subfield code="a">Universities and colleges</subfield>
      <subfield code="x">Finance</subfield>
    </datafield>
    <datafield tag="650" ind1=" " ind2="0">
      <subfield code="a">Endowments</subfield>
    </datafield>
    <datafield tag="650" ind1=" " ind2="0">
      <subfield code="a">Investments</subfield>
    </datafield>
    <datafield tag="650" ind1=" " ind2="7">
      <subfield code="a">Endowments</subfield>
      <subfield code="2">fast</subfield>
      <subfield code="0">(OCoLC)fst00909854</subfield>
    </datafield>
    <datafield tag="650" ind1=" " ind2="7">
      <subfield code="a">Investments</subfield>
      <subfield code="2">fast</subfield>
      <subfield code="0">(OCoLC)fst00978234</subfield>
    </datafield>
    <datafield tag="650" ind1=" " ind2="7">
      <subfield code="a">Universities and colleges</subfield>
      <subfield code="x">Finance</subfield>
      <subfield code="2">fast</subfield>
      <subfield code="0">(OCoLC)fst01161770</subfield>
    </datafield>
    <datafield tag="700" ind1="1" ind2=" ">
      <subfield code="a">Cain, J. Harvey.</subfield>
    </datafield>
    <datafield tag="700" ind1="1" ind2=" ">
      <subfield code="a">Hollis, Ernest Victor,</subfield>
      <subfield code="d">1895-</subfield>
    </datafield>
    <datafield tag="830" ind1=" " ind2="0">
      <subfield code="a">Circular (United States. Office of Education) ;</subfield>
      <subfield code="v">no. 579.</subfield>
    </datafield>
    <datafield tag="905" ind1=" " ind2=" ">
      <subfield code="a">19900622120000.0</subfield>
    </datafield>
    <datafield tag="948" ind1="2" ind2=" ">
      <subfield code="a">20141016</subfield>
      <subfield code="b">m</subfield>
      <subfield code="d">batch</subfield>
      <subfield code="e">lts</subfield>
      <subfield code="x">addfast</subfield>
    </datafield>
    <datafield tag="950" ind1=" " ind2=" ">
      <subfield code="l">FINE</subfield>
      <subfield code="a">NA6559</subfield>
      <subfield code="b">.B68</subfield>
      <subfield code="f">BASIC</subfield>
      <subfield code="i">01/22/86 N</subfield>
      <subfield code="h">01/16/86 N</subfield>
    </datafield>
  </record>