
  <record>
    <leader>01430cam a22003851  4500</leader>
    <controlfield tag="001">46</controlfield>
    <controlfield tag="005">20141021232312.0</controlfield>
    <controlfield tag="008">860224s1862    enk           000 0 eng d</controlfield>
    <datafield tag="035" ind1=" " ind2=" ">
      <subfield code="a">(CStRLIN)NYCX86B22803</subfield>
    </datafield>
    <datafield tag="035" ind1=" " ind2=" ">
      <subfield code="a">(NIC)notisAAA0044</subfield>
    </datafield>
    <datafield tag="035" ind1=" " ind2=" ">
      <subfield code="a">(OCoLC)63227750</subfield>
    </datafield>
    <datafield tag="035" ind1=" " ind2=" ">
      <subfield code="a">46</subfield>
    </datafield>
    <datafield tag="040" ind1=" " ind2=" ">
      <subfield code="a">NIC</subfield>
      <subfield code="c">NIC</subfield>
    </datafield>
    <datafield tag="043" ind1=" " ind2=" ">
      <subfield code="a">e-uk---</subfield>
    </datafield>
    <datafield tag="100" ind1="1" ind2=" ">
      <subfield code="a">Dixon, Henry Hall,</subfield>
      <subfield code="d">1822-1870.</subfield>
    </datafield>
    <datafield tag="245" ind1="1" ind2="4">
      <subfield code="a">The post and the paddock:</subfield>
      <subfield code="b">with recollections of George IV, Sam Chifney, and other turf celebrities</subfield>
      <subfield code="c">by the Druid.</subfield>
    </datafield>
    <datafield tag="250" ind1=" " ind2=" ">
      <subfield code="a">2d ed.</subfield>
    </datafield>
    <datafield tag="260" ind1=" " ind2=" ">
      <subfield code="a">London,</subfield>
      <subfield code="b">Rogerson &amp; Tuxford,</subfield>
      <subfield code="c">1862.</subfield>
    </datafield>
    <datafield tag="300" ind1=" " ind2=" ">
      <subfield code="a">vii, 376 p.</subfield>
      <subfield code="c">18 cm.</subfield>
    </datafield>
    <datafield tag="500" ind1=" " ind2=" ">
      <subfield code="a">Engr. t.-p.</subfield>
    </datafield>
    <datafield tag="500" ind1=" " ind2=" ">
      <subfield code="a">"A portion of the ... work ... appeared, under two distinct titles, in the Sporting reviews."--Pref.</subfield>
    </datafield>
    <datafield tag="650" ind1=" " ind2="0">
      <subfield code="a">Horses</subfield>
    </datafield>
    <datafield tag="650" ind1=" " ind2="0">
      <subfield code="a">Horse-racing</subfield>
      <subfield code="z">Great Britain.</subfield>
    </datafield>
    <datafield tag="650" ind1=" " ind2="4">
      <subfield code="a">1862</subfield>
    </datafield>
    <datafield tag="651" ind1=" " ind2="4">
      <subfield code="a">London (England)</subfield>
      <subfield code="v">Imprints (Rogerson &amp; Tuxford)</subfield>
    </datafield>
    <datafield tag="650" ind1=" " ind2="7">
      <subfield code="a">Horse racing</subfield>
      <subfield code="2">fast</subfield>
      <subfield code="0">(OCoLC)fst00960488</subfield>
    </datafield>
    <datafield tag="650" ind1=" " ind2="7">
      <subfield code="a">Horses</subfield>
      <subfield code="2">fast</subfield>
      <subfield code="0">(OCoLC)fst00960603</subfield>
    </datafield>
    <datafield tag="651" ind1=" " ind2="7">
      <subfield code="a">Great Britain</subfield>
      <subfield code="2">fast</subfield>
      <subfield code="0">(OCoLC)fst01204623</subfield>
    </datafield>
    <datafield tag="700" ind1="1" ind2=" ">
      <subfield code="a">Laidlaw, Robert.</subfield>
      <subfield code="4">sgn</subfield>
    </datafield>
    <datafield tag="710" ind1="2" ind2=" ">
      <subfield code="a">Cornell University.</subfield>
      <subfield code="b">College of Veterinary Medicine.</subfield>
      <subfield code="b">Flower-Sprecher Veterinary Library.</subfield>
      <subfield code="4">fmo</subfield>
    </datafield>
    <datafield tag="905" ind1=" " ind2=" ">
      <subfield code="a">19880603120000.0</subfield>
    </datafield>
    <datafield tag="948" ind1="2" ind2=" ">
      <subfield code="a">20051110</subfield>
      <subfield code="b">w</subfield>
      <subfield code="d">lbb4</subfield>
      <subfield code="e">rmc</subfield>
      <subfield code="f">?</subfield>
      <subfield code="h">?</subfield>
    </datafield>
    <datafield tag="948" ind1="1" ind2=" ">
      <subfield code="a">20051110</subfield>
      <subfield code="b">l</subfield>
      <subfield code="d">lbb4</subfield>
      <subfield code="e">rmc</subfield>
      <subfield code="f">?</subfield>
      <subfield code="h">?</subfield>
    </datafield>
    <datafield tag="948" ind1="2" ind2=" ">
      <subfield code="a">20141016</subfield>
      <subfield code="b">m</subfield>
      <subfield code="d">batch</subfield>
      <subfield code="e">lts</subfield>
      <subfield code="x">addfast</subfield>
    </datafield>
    <datafield tag="950" ind1=" " ind2=" ">
      <subfield code="l">VET</subfield>
      <subfield code="a">SF301</subfield>
      <subfield code="b">.D62p 1862</subfield>
      <subfield code="e">\Sec.3\</subfield>
      <subfield code="f">BASIC</subfield>
      <subfield code="i">02/24/86 N</subfield>
    </datafield>
  </record>