
  <record>
    <leader>01744cam a2200313   4500</leader>
    <controlfield tag="001">47</controlfield>
    <controlfield tag="005">20141021232317.0</controlfield>
    <controlfield tag="008">860116m19679999sp ab    bc   000 0 spa d</controlfield>
    <datafield tag="020" ind1=" " ind2=" ">
      <subfield code="a">8450577977 (t. 6)</subfield>
    </datafield>
    <datafield tag="020" ind1=" " ind2=" ">
      <subfield code="a">8489144044 (t. 7)</subfield>
    </datafield>
    <datafield tag="035" ind1=" " ind2=" ">
      <subfield code="a">(OCoLC)21373148</subfield>
    </datafield>
    <datafield tag="035" ind1=" " ind2=" ">
      <subfield code="a">47</subfield>
    </datafield>
    <datafield tag="040" ind1=" " ind2=" ">
      <subfield code="a">MiU</subfield>
      <subfield code="c">MiU</subfield>
      <subfield code="d">NIC</subfield>
    </datafield>
    <datafield tag="043" ind1=" " ind2=" ">
      <subfield code="a">e-sp---</subfield>
    </datafield>
    <datafield tag="245" ind1="1" ind2="0">
      <subfield code="a">Catálogo monumental, diócesis de Vitoria.</subfield>
    </datafield>
    <datafield tag="260" ind1=" " ind2=" ">
      <subfield code="a">[Vitoria,</subfield>
      <subfield code="b">H. Fournier,</subfield>
      <subfield code="c">1967-</subfield>
    </datafield>
    <datafield tag="300" ind1=" " ind2=" ">
      <subfield code="a">v.</subfield>
      <subfield code="b">illus. (part col.) maps.</subfield>
      <subfield code="c">25 cm.</subfield>
    </datafield>
    <datafield tag="500" ind1=" " ind2=" ">
      <subfield code="a">"Publicaciones del Obispade de Vitoria y de la Obra Cultural de la Caja de Ahorros Municipal de Vitoria."</subfield>
    </datafield>
    <datafield tag="500" ind1=" " ind2=" ">
      <subfield code="a">Vol. 7 has imprint: Vitoria : Fundacion Caja Vital Kutxa.</subfield>
    </datafield>
    <datafield tag="504" ind1=" " ind2=" ">
      <subfield code="a">Includes bibliography.</subfield>
    </datafield>
    <datafield tag="505" ind1="1" ind2=" ">
      <subfield code="a">t. 1. Rioja Alavesa: Arciprestazgo de Laguardia [por] E. Enciso Viana [y] Labastida y Salinillas de Buradon [por] J. Cantera Orive.--t. 2. Arciprestazgos de Treviño-Albaina y Campezo [por] M. J. Portilla Vitoria y J. E. López de Sabando.--t. 3. Ciudad de Vitoria.--t. 4. La llanada alavesa occidental.--t. 5. La Llanada Alavesa Oriental y valles de Barrundia.--t. 6. Las vertientes cantabricas del Noroeste Alaves; La ciudad de Orduña y sus aldeas [por] M. J. Portilla Vitoria.--t. 7. Cuartango, Urcabustaiz y Cigoitia [por] M. J. Portilla Vitoria.</subfield>
    </datafield>
    <datafield tag="610" ind1="2" ind2="0">
      <subfield code="a">Catholic Church.</subfield>
      <subfield code="b">Diocese of Vitoria (Spain)</subfield>
    </datafield>
    <datafield tag="650" ind1=" " ind2="0">
      <subfield code="a">Art objects</subfield>
      <subfield code="z">Spain</subfield>
      <subfield code="z">Vitoria (Diocese)</subfield>
    </datafield>
    <datafield tag="610" ind1="2" ind2="7">
      <subfield code="a">Catholic Church.</subfield>
      <subfield code="b">Diocese of Vitoria (Spain)</subfield>
      <subfield code="2">fast</subfield>
      <subfield code="0">(OCoLC)fst00595582</subfield>
    </datafield>
    <datafield tag="650" ind1=" " ind2="7">
      <subfield code="a">Art objects</subfield>
      <subfield code="2">fast</subfield>
      <subfield code="0">(OCoLC)fst00815674</subfield>
    </datafield>
    <datafield tag="710" ind1="2" ind2=" ">
      <subfield code="a">Caja de Ahorros y Monte de Piedad de la Ciudad de Vitoria.</subfield>
    </datafield>
    <datafield tag="905" ind1=" " ind2=" ">
      <subfield code="a">19980205120000.0</subfield>
    </datafield>
    <datafield tag="948" ind1="2" ind2=" ">
      <subfield code="a">20141016</subfield>
      <subfield code="b">m</subfield>
      <subfield code="d">batch</subfield>
      <subfield code="e">lts</subfield>
      <subfield code="x">addfast</subfield>
    </datafield>
    <datafield tag="950" ind1=" " ind2=" ">
      <subfield code="l">FINE</subfield>
      <subfield code="a">NA5809.V84</subfield>
      <subfield code="b">A15</subfield>
      <subfield code="v">v.1-5</subfield>
      <subfield code="f">BASIC</subfield>
      <subfield code="p">2</subfield>
      <subfield code="i">01/16/86 N</subfield>
    </datafield>
  </record>