
  <record>
    <leader>01441cam a2200373   4500</leader>
    <controlfield tag="001">48</controlfield>
    <controlfield tag="005">20141021232317.0</controlfield>
    <controlfield tag="008">860224s1932    nyuef         000 0 eng  </controlfield>
    <datafield tag="010" ind1=" " ind2=" ">
      <subfield code="a">   32025122 </subfield>
    </datafield>
    <datafield tag="035" ind1=" " ind2=" ">
      <subfield code="a">(CStRLIN)NYCX86B22804</subfield>
    </datafield>
    <datafield tag="035" ind1=" " ind2=" ">
      <subfield code="a">(NIC)notisAAA0046</subfield>
    </datafield>
    <datafield tag="035" ind1=" " ind2=" ">
      <subfield code="a">(OCoLC)3737357</subfield>
    </datafield>
    <datafield tag="035" ind1=" " ind2=" ">
      <subfield code="a">48</subfield>
    </datafield>
    <datafield tag="040" ind1=" " ind2=" ">
      <subfield code="a">DLC</subfield>
      <subfield code="c">OT</subfield>
      <subfield code="d">NBiSU</subfield>
      <subfield code="d">CStRLIN</subfield>
      <subfield code="d">MiU</subfield>
      <subfield code="d">NIC</subfield>
    </datafield>
    <datafield tag="043" ind1=" " ind2=" ">
      <subfield code="a">n-us-ma</subfield>
    </datafield>
    <datafield tag="050" ind1="0" ind2=" ">
      <subfield code="a">NA7235.M4</subfield>
      <subfield code="b">P6</subfield>
    </datafield>
    <datafield tag="082" ind1=" " ind2=" ">
      <subfield code="a">728.09744</subfield>
    </datafield>
    <datafield tag="100" ind1="1" ind2=" ">
      <subfield code="a">Poor, Alfred Easton,</subfield>
      <subfield code="d">1899-</subfield>
    </datafield>
    <datafield tag="245" ind1="1" ind2="0">
      <subfield code="a">Colonial architecture of Cape Cod, Nantucket and Martha's Vineyard,</subfield>
      <subfield code="c">by Alfred Easton Poor.</subfield>
    </datafield>
    <datafield tag="260" ind1=" " ind2=" ">
      <subfield code="a">New York,</subfield>
      <subfield code="b">W. Helburn, inc.,</subfield>
      <subfield code="c">1932.</subfield>
    </datafield>
    <datafield tag="300" ind1=" " ind2=" ">
      <subfield code="a">6 p. £., 135 pl. (incl. plans) on 68 £.</subfield>
      <subfield code="b">front.</subfield>
      <subfield code="c">28 cm.</subfield>
    </datafield>
    <datafield tag="500" ind1=" " ind2=" ">
      <subfield code="a">Maps on lining-papers.</subfield>
    </datafield>
    <datafield tag="650" ind1=" " ind2="0">
      <subfield code="a">Architecture, Colonial</subfield>
    </datafield>
    <datafield tag="650" ind1=" " ind2="0">
      <subfield code="a">Architecture, Domestic</subfield>
      <subfield code="z">Massachusetts</subfield>
      <subfield code="z">Cape Cod.</subfield>
    </datafield>
    <datafield tag="650" ind1=" " ind2="0">
      <subfield code="a">Architecture, Domestic</subfield>
      <subfield code="z">Nantucket, Massachusetts.</subfield>
    </datafield>
    <datafield tag="650" ind1=" " ind2="0">
      <subfield code="a">Architecture, Domestic</subfield>
      <subfield code="z">Martha's Vineyard, Massachusetts.</subfield>
    </datafield>
    <datafield tag="650" ind1=" " ind2="7">
      <subfield code="a">Architecture, Colonial</subfield>
      <subfield code="2">fast</subfield>
      <subfield code="0">(OCoLC)fst00813657</subfield>
    </datafield>
    <datafield tag="650" ind1=" " ind2="7">
      <subfield code="a">Architecture, Domestic</subfield>
      <subfield code="2">fast</subfield>
      <subfield code="0">(OCoLC)fst00813666</subfield>
    </datafield>
    <datafield tag="651" ind1=" " ind2="7">
      <subfield code="a">Massachusetts</subfield>
      <subfield code="z">Cape Cod</subfield>
      <subfield code="2">fast</subfield>
      <subfield code="0">(OCoLC)fst01243977</subfield>
    </datafield>
    <datafield tag="651" ind1=" " ind2="7">
      <subfield code="a">Massachusetts</subfield>
      <subfield code="z">Martha's Vineyard</subfield>
      <subfield code="2">fast</subfield>
      <subfield code="0">(OCoLC)fst01243069</subfield>
    </datafield>
    <datafield tag="651" ind1=" " ind2="7">
      <subfield code="a">Massachusetts</subfield>
      <subfield code="z">Nantucket</subfield>
      <subfield code="2">fast</subfield>
      <subfield code="0">(OCoLC)fst01206201</subfield>
    </datafield>
    <datafield tag="905" ind1=" " ind2=" ">
      <subfield code="a">19880603120000.0</subfield>
    </datafield>
    <datafield tag="948" ind1="2" ind2=" ">
      <subfield code="a">20141016</subfield>
      <subfield code="b">m</subfield>
      <subfield code="d">batch</subfield>
      <subfield code="e">lts</subfield>
      <subfield code="x">addfast</subfield>
    </datafield>
    <datafield tag="950" ind1=" " ind2=" ">
      <subfield code="l">FINE</subfield>
      <subfield code="a">NA7235.M4</subfield>
      <subfield code="b">P82</subfield>
      <subfield code="f">BASIC</subfield>
      <subfield code="i">02/24/86 N</subfield>
    </datafield>
  </record>